@article{qi2023spill,
  title={Follow My Instruction and Spill the Beans: Scalable Data Extraction from Retrieval-Augmented Generation Systems},
  author={Qi, Zhenting and Shi, Hanlin and Wei, Julien and Zhang, Mengxin and Yin, Qifan and Bhagoji, Arjun Nitin and others},
  journal={arXiv preprint arXiv:2402.17840},
  year={2024}
}
